@article{hochreiter1997long,
  title={Long short-term memory},
  author={Hochreiter, Sepp and Schmidhuber, J{\"u}rgen},
  journal={Neural computation},
  volume={9},
  number={8},
  pages={1735--1780},
  year={1997},
  publisher={MIT Press}
}

@ARTICLE{7508408, 
author={K. {Greff} and R. K. {Srivastava} and J. {Koutn√≠k} and B. R. {Steunebrink} and J. {Schmidhuber}}, 
journal=IEEE_J_NN, 
title={{LSTM}: A Search Space Odyssey}, 
year={2017}, 
volume={28}, 
number={10}, 
pages={2222-2232}, 
month=oct}

@article{BaiTCN2018,
	author    = {Shaojie Bai and J. Zico Kolter and Vladlen Koltun},
	title     = {An Empirical Evaluation of Generic Convolutional and Recurrent Networks for Sequence Modeling},
	journal   = {arXiv:1803.01271},
	year      = {2018}
}

@article{181202986,
  author    = {Jae{-}Mo Kang and
               Chang{-}Jae Chun and
               Il{-}Min Kim and
               Dong In Kim},
  title     = {Channel Tracking for Wireless Energy Transfer: {A} Deep Recurrent
               Neural Network Approach},
  journal   = {arXiv:1812.02986},
  year      = {2018}
}

@article{tacspinar2010back,
  title={Back propagation neural network approach for channel estimation in OFDM system},
  author={Ta{\c{s}}pinar, Necmi and Seyman, M Nuri},
  booktitle={2010 IEEE International Conference on Wireless Communications, Networking and Information Security},
  pages={265--268},
  year={2010},
  organization={IEEE}
}

@article{coleri2002channel,
  title={Channel estimation techniques based on pilot arrangement in OFDM systems},
  author={Coleri, Sinem and Ergen, Mustafa and Puri, Anuj and Bahai, Ahmad},
  journal={IEEE Transactions on broadcasting},
  volume={48},
  number={3},
  pages={223--229},
  year={2002},
  publisher={IEEE}
}

@inproceedings{baddour2001autoregressive,
  title={Autoregressive models for fading channel simulation},
  author={Baddour, Kareem E and Beaulieu, Norman C},
  booktitle={GLOBECOM'01. IEEE Global Telecommunications Conference (Cat. No. 01CH37270)},
  volume={2},
  pages={1187--1192},
  year={2001},
  organization={IEEE}
}

% stats paper for worst AR channel 
@article{garcia2002turbo,
  title={Turbo decoding of Gilbert-Elliot channels},
  author={Garcia-Frias, Javier and Villasenor, John D},
  journal={IEEE Transactions on Communications},
  volume={50},
  number={3},
  pages={357--363},
  year={2002},
  publisher={IEEE}
}

@book{kay1993fundamentals,
	title={Fundamentals of statistical signal processing},
	author={Kay, Steven M},
	year={1993},
	publisher={Prentice Hall PTR}
}